<?xml version="1.0" encoding="UTF-8"?><collection xmlns="http://www.loc.gov/MARC21/slim"><record><leader>00400nam--2200145-i-4500</leader><controlfield tag="001">000015400</controlfield><controlfield tag="002">20161230</controlfield><controlfield tag="005">20170305212600</controlfield><controlfield tag="008">060222s1000------------r-----000-0-eng-d</controlfield><datafield ind1=" " ind2=" " tag="245"><subfield code="a">Cell interactions and development-molecular mechanisms</subfield></datafield><datafield ind1=" " ind2=" " tag="260"><subfield code="a">New York</subfield><subfield code="b">John Willey And Sons</subfield><subfield code="c">1983</subfield></datafield><datafield ind1=" " ind2=" " tag="300"><subfield code="a">IX + 287 p</subfield></datafield><datafield ind1=" " ind2=" " tag="700"><subfield code="a">Yamada, Kenneth M</subfield></datafield><datafield ind1=" " ind2=" " tag="852"><subfield code="a">576.5:577.2</subfield></datafield><datafield ind1=" " ind2=" " tag="CAT"><subfield code="a">SYS</subfield><subfield code="c">20170305</subfield><subfield code="h">212600</subfield></datafield></record></collection>